@MISC{Dean_systemimplementation,
    author = {John C . Dean and Cd Dr and Mark R Vigder},
    title = {System Implementation Using Commercial Off-The-Shelf Software},
    year = {}
}
@book{libro-software,
    title={Ingeniería del Software},
    author={Ian Sommerville},
    chapter={18},
    publisher={Pearson Educación S.A.},
    edition=7,
    year=2015,
    isbn=8478290745,
    
}

@MISC{WEBSITE:1,
    HOWPUBLISHED = "\url{https://www.resqsoft.com/basics-cots-\%E2\%80\%93-commercial-off-the-shelf-software.html}",
    AUTHOR = "ResQSoft",
    TITLE = "The Basics of COTS – Commercial-Off-The-Shelf Software"
}

@MISC{WEBSITE:2,
HOWPUBLISHED = "\url{http://jezlister.com/cots/cots-commercial-off-the-shelf-lifecycle-model/}",
AUTHOR = "Jez Lister",
TITLE = "COTS – Commercial off the Shelf Lifecycle Model",
MONTH = "Diciembre",
YEAR = "2014",

}